% This file was created with JabRef 2.10.
% Encoding: UTF8


@Book{fahrmeir2013regression,
  Title                    = {Regression: {Models}, {Methods} and {Applications}},
  Author                   = {Fahrmeir, Ludwig},
  Editor                   = {Kneib, Thomas and Lang, Stefan and Marx, Brian},
  Publisher                = {Springer},
  Year                     = {2013},

  Address                  = {Dordrecht},

  __markedentry            = {[kai:6]},
  File                     = {Library Catalog Entry Snapshot:/home/kai/.mozilla/firefox/1t7pk6d8.default/zotero/storage/4C7G6Z2H/PPN.html:text/html},
  ISBN                     = {978-3-642-34333-9},
  Keywords                 = {*Regressionsanalyse, *Statistics / Epidemiology / Bioinformatics / Statistical methods / Mathematical statistics / Economics -- Statistics / Econometrics},
  Owner                    = {kai},
  Shorttitle               = {Regression},
  Timestamp                = {2016.09.14}
}

@Book{fahrmeir2009regression,
  Title                    = {Regression},
  Author                   = {Fahrmeir, L. and Kneib, T. and Lang, S.},
  Publisher                = {Springer Berlin Heidelberg},
  Year                     = {2009},
  Series                   = {Statistik und ihre Anwendungen},

  ISBN                     = {9783642018374},
  Url                      = {https://books.google.de/books?id=rZi6eqYXkdYC}
}

@Book{HOG,
  Title                    = {Stochastik. Einf√ºhrung in die Wahrscheinlichkeitstheorie und Statistik},
  Author                   = {Hans-Otto Georgii},
  Publisher                = {Walter de Gruyter},
  Year                     = {2009},

  Owner                    = {alex},
  Timestamp                = {2016.09.13}
}

@Article{Int,
  Title                    = {Interval Estimation for a Binomial Proportion},
  Author                   = {Lawrence D. Brown, T. Tony Cai, Anirban DasGupta},
  Journal                  = {Statistical Science},
  Year                     = {2001},

  Owner                    = {alex},
  Timestamp                = {2016.09.14}
}

@Electronic{Amt,
  Title                    = {http://www.stuttgart.de/volksabstimmung},
  Author                   = {Statistikamt Stuttgart},
  Url                      = {http://www.stuttgart.de/volksabstimmung},
  Year                     = {2011},

  Owner                    = {alex},
  Timestamp                = {2016.09.03}
}

